
@article{hyper,
	author = "R Nave",
	title = "Standing Waves",
	year = "2016",
	notes = {{http://hyperphysics.phy-astr.gsu.edu/hbase/Waves/standw.html#c1}{hyperphysics.phy-astr.gsu.edu}}
	
}

@article{modes,
	author = "Chris Mueller",
	title = "Theory behind patterns formed on Chladni plates?",
	year = "2014",
	notes = {{http://physics.stackexchange.com/questions/90021/theory-behind-patterns-formed-on-chladni-plates}{physics.stackexchange.com}}
	
}

@article{demo,
	author = "The Experimental Nonlinear Physics Group",
	title = "Chladni patterns in vibrated plates",
	year = "2009",
	notes = {{http://www.physics.utoronto.ca/~nonlin/chladni.html}{www.physics.utoronto.ca}}
	
}
@article{stdwave,
	author = "S-Cool",
	title = "Standing Waves",
	year = "2016",
	notes = {{http://www.s-cool.co.uk/a-level/physics/progressive-waves/revise-it/standing-waves}{www.s-cool.co.uk}}
	
}

@article{pattern,
	author = "Albert Callejo",
	title = "Chlandi plates",
	year = 2009,
	notes = {{http://www.dima-vj.com/chladni/Plates.jpg}{www.dima-vj.com}}
	
}

@unpublished{imgui,
	title= {ImGui},
	author = {{Omar Cornut}},
	notes  = {{
	https://github.com/ocornut/imgui}{www.github.com}},
	year = {2014}
}

@article{shm,
	author = "Arizona State University",
	title = "Hooke's Law and Simple Harmonic Motion",
	year = 2012,
	notes = {https://www.webassign.net/question_assets/asucolphysmechl1/lab_8/manual.html}
	
}

@article{clothism,
	author = "Elaine Kieran and Gavin Harrison and Luke Openshaw",
	title = "Cloth Simulation",
	journal = "MSc Computer Animation, NCCA Bournemouth University",
	pages = "47--61",
	year = 2005,
	notes = {https://nccastaff.bournemouth.ac.uk/jmacey/MastersProjects/Msc05/cloth_simulation.pdf}
	
}

@article{clothforce,
	author = "Jesper Mosegaard",
	title = "Mosegaards Cloth Simulation Coding Tutorial",
	journal = "Computer Graphics Lab",
	year = 2009,
	notes = {http://cg.alexandra.dk/?p=147}
	
}
